@article{peng2011reproducible,
  title={Reproducible research in computational science},
  author={Peng, Roger D},
  journal={Science},
  volume={334},
  number={6060},
  pages={1226--1227},
  year={2011},
  publisher={American Association for the Advancement of Science}
}

@article{sandve2013ten,
  title={Ten simple rules for reproducible computational research},
  author={Sandve, Geir Kjetil and Nekrutenko, Anton and Taylor, James and Hovig, Eivind},
  journal={PLoS computational biology},
  volume={9},
  number={10},
  year={2013},
  publisher={Public Library of Science}
}


@article{chambers2015registered,
  title={Registered reports: realigning incentives in scientific publishing},
  author={Chambers, Christopher D and Dienes, Zoltan and McIntosh, Robert D and Rotshtein, Pia and Willmes, Klaus},
  journal={Cortex},
  volume={66},
  pages={A1--A2},
  year={2015},
  publisher={Elsevier Masson}
}

@inproceedings{raff2019step,
  title={A Step Toward Quantifying Independently Reproducible Machine Learning Research},
  author={Raff, Edward},
  booktitle={Advances in Neural Information Processing Systems},
  pages={5486--5496},
  year={2019}
}


@article{goble2020fair,
  title={FAIR computational workflows},
  author={Goble, Carole and Cohen-Boulakia, Sarah and Soiland-Reyes, Stian and Garijo, Daniel and Gil, Yolanda and Crusoe, Michael R and Peters, Kristian and Schober, Daniel},
  journal={Data Intelligence},
  pages={108--121},
  year={2020},
  publisher={MIT Press}
}

@article{carp2012plurality,
  title={On the plurality of (methodological) worlds: estimating the analytic flexibility of FMRI experiments},
  author={Carp, Joshua},
  journal={Frontiers in neuroscience},
  volume={6},
  pages={149},
  year={2012},
  publisher={Frontiers}
}


@article{nichols2017best,
  title={Best practices in data analysis and sharing in neuroimaging using MRI},
  author={Nichols, Thomas E and Das, Samir and Eickhoff, Simon B and Evans, Alan C and Glatard, Tristan and Hanke, Michael and Kriegeskorte, Nikolaus and Milham, Michael P and Poldrack, Russell A and Poline, Jean-Baptiste and others},
  journal={Nature neuroscience},
  volume={20},
  number={3},
  pages={299--303},
  year={2017},
  publisher={Nature Publishing Group}
}


@article{wilkinson2016fair,
  title={The FAIR Guiding Principles for scientific data management and stewardship},
  author={Wilkinson, Mark D and Dumontier, Michel and Aalbersberg, IJsbrand Jan and Appleton, Gabrielle and Axton, Myles and Baak, Arie and Blomberg, Niklas and Boiten, Jan-Willem and da Silva Santos, Luiz Bonino and Bourne, Philip E and others},
  journal={Scientific data},
  volume={3},
  year={2016},
  publisher={Nature Publishing Group}
}


@article{baker2016reproducibility,
  title={Reproducibility crisis?},
  author={Baker, Monya},
  journal={Nature},
  volume={533},
  number={26},
  pages={353--66},
  year={2016}
}


@article{boeckmann2003swiss,
  title={The SWISS-PROT protein knowledgebase and its supplement TrEMBL in 2003},
  author={Boeckmann, Brigitte and Bairoch, Amos and Apweiler, Rolf and Blatter, Marie-Claude and Estreicher, Anne and Gasteiger, Elisabeth and Martin, Maria J and Michoud, Karine and O'Donovan, Claire and Phan, Isabelle and others},
  journal={Nucleic acids research},
  volume={31},
  number={1},
  pages={365--370},
  year={2003},
  publisher={Oxford University Press}
}

@article{mishra2014prediction,
  title={Prediction of membrane transport proteins and their substrate specificities using primary sequence information},
  author={Mishra, Nitish K and Chang, Junil and Zhao, Patrick X},
  journal={PLoS One},
  volume={9},
  number={6},
  pages={e100278},
  year={2014},
  publisher={Public Library of Science}
}
@book{gromiha2010protein,
  title={Protein bioinformatics: from sequence to function},
  author={Gromiha, M Michael},
  year={2010},
  publisher={Academic Press}
}
@article{kumar2008copid,
  title={COPid: composition based protein identification},
  author={Kumar, Manish and Thakur, Varun and Raghava, Gajendra PS},
  journal={In silico biology},
  volume={8},
  number={2},
  pages={121--128},
  year={2008},
  publisher={IOS Press}
}
@article{aaindex,
  title={AAindex: amino acid index database, progress report 2008},
  author={Kawashima, Shuichi and Pokarowski, Piotr and Pokarowska, Maria and Kolinski, Andrzej and Katayama, Toshiaki and Kanehisa, Minoru},
  journal={Nucleic acids research},
  volume={36},
  number={suppl\_1},
  pages={D202--D205},
  year={2007},
  publisher={Oxford University Press}
}
@article{gromiha1999importance,
  title={Importance of long-range interactions in protein folding},
  author={Gromiha, M Michael and Selvaraj, Samuel},
  journal={Biophysical chemistry},
  volume={77},
  number={1},
  pages={49--68},
  year={1999},
  publisher={Elsevier}
}
@article{gromiha2006statistical,
  title={A statistical method for predicting protein unfolding rates from amino acid sequence},
  author={Gromiha, M Michael and Selvaraj, Samuel and Thangakani, A Mary},
  journal={Journal of chemical information and modeling},
  volume={46},
  number={3},
  pages={1503--1508},
  year={2006},
  publisher={ACS Publications}
}
@misc{w3c,
  title= {Provenance XG Final Report},
  author = {W3C Incubator Group},
  url = {https://www.w3.org/2005/Incubator/prov/XGR-prov-20101214/},
  year={2010}
}
@misc{pipDoc,
  title= {pip 20.0.2 documentation},
  author = {The Python Software Foundation},
  url = {https://pip.readthedocs.io/en/1.1/requirements.html},
  year={2010}
}
@article{mcc2017optimal,
  title={Optimal classifier for imbalanced data using Matthews Correlation Coefficient metric},
  author={Boughorbel, Sabri and Jarray, Fethi and El-Anbari, Mohammed},
  journal={PloS one},
  volume={12},
  number={6},
  year={2017},
  publisher={Public Library of Science}
}
@book{bergman2007comparative,
  title={Comparative genomics},
  author={Bergman, Nicholas H},
  volume={1},
  year={2007},
  publisher={Springer Science \& Business Media}
}
