@article{mishra2014prediction,
  title={Prediction of membrane transport proteins and their substrate specificities using primary sequence information},
  author={Mishra, Nitish K and Chang, Junil and Zhao, Patrick X},
  journal={PLoS One},
  volume={9},
  number={6},
  pages={e100278},
  year={2014},
  publisher={Public Library of Science}

}
@book{gromiha2010protein,
  title={Protein bioinformatics: from sequence to function},
  author={Gromiha, M Michael},
  year={2010},
  publisher={Academic Press}
}